

%------- llibres -------

@Book{date,
  author = 	 {C. J. Date},
  title = 	 {An Introduction to Database Systems},
  publisher = 	 {Addisson-Wesley},
  year = 	 {2000},
  address = 	 {USA},
  edition = 	 {7}
}



@Book{last,
  editor = 	 {Mark Last and Abraham Kandel and Horst Bunke},
  title = 	 {Data mining in time series databases},
  publisher = 	 {World Scientific},
  year = 	 {2004},
  address = 	 {Singapore},
  volume = 	 {57},
  series = 	 {Series in Machine Perception and Artificial Intelligence},
  OPTannote = 	 {Gabriel-Ferraté: H3.Dat}
}


%-------- matemàtiques de conjunts --------

@online{wiki:extendedreal,
  author = 	 {Wikipedia},
  title = 	 {Extended real number line --- Wikipedia, The Free Encyclopedia},
  url =          {http://en.wikipedia.org/wiki/Extended_real_number},
  urldate = {2011-09-19},
}

@online{cantrell:extendedreal,
  author = 	 {David W. Cantrell},
  title = 	 {Affinely Extended Real Numbers},
  url =          {http://mathworld.wolfram.com/AffinelyExtendedRealNumbers.html},
  organization = {MathWorld--A Wolfram Web Resource, created by Eric W. Weisstein},
  urldate = {2011-09-19},
}



@online{wiki:coordinate,
  author = 	 {Wikipedia},
  title = 	 {Coordinate system --- Wikipedia, The Free Encyclopedia},
  url =          {http://en.wikipedia.org/wiki/Coordinate_system},
  urldate = {2011-09-23},
}



%--------- rrd articles------------

@InProceedings{lisa98:oetiker,
  author = 	 {Tobias Oetiker},
  title = 	 {{MRTG The Multi Router Traffic Grapher}},
  booktitle =    {{Proceedings of the 12th Systems Administration Conference (LISA'98)}},
  pages = 	 {141-148},
  year = 	 {1998},
  address = 	 {Boston, Massachusetts},
  month = 	 {December},
  publisher =    {USENIX Association},
  url =          {http://www.usenix.org/publications/library/proceedings/lisa98/oetiker.html},
  urldate = {2011-02-10}
}



@InProceedings{lisa00:brutlag,
  author = 	 {Jake D. Brutlag},
  title = 	 {Aberrant Behavior Detection in Time Series for Network Monitoring},
  booktitle =    {Proceedings of the 14th Systems Administration Conference (LISA'00)},
  pages = 	 {139-146},
  year = 	 {2000},
  address = 	 {New Orleans, Los Angeles},
  month = 	 {December},
  publisher =    {USENIX Association},
  url =          {http://www.usenix.org/events/lisa00/brutlag.html},
  urldate = {2011-02-10}
}




@InProceedings{lisa07:plonka,
  author = 	 {David Plonka and Archit Gupta and Dale Carder},
  title = 	 {Application Buffer-Cache Management for Performance: Running the World's Largest {MRTG}},
  booktitle =    {{Proceedings of the 21st Systems Administration Conference (LISA'07)}},
  pages = 	 {63-78},
  year = 	 {2007},
  address = 	 {Dallas, Texas},
  month = 	 {November},
  publisher =    {USENIX Association},
  url =          {http://www.usenix.org/events/lisa07/tech/plonka.html},
  urldate = {2011-03-22}
}
@online{carder:rrdcached,
  author = 	 {Dale Carder},
  title = 	 {RRDtool Scalability, performance in the large scale},
  url =          {http://net.doit.wisc.edu/~dwcarder/rrdcache/},
  urldate = {2011-03-22},
}


@InProceedings{zhang07,
  author = 	 {Jian Zhang and Renato Figueiredo},
  title = 	 {Adaptive Predictor Integration for System Performance Prediction},
  booktitle =    {Proceedings of the 21st International Parallel and Distributed Processing Symposium (IPDPS'07)},
  year = 	 {2007},
  address = 	 {Long Beach, California},
  month = 	 {March},
  publisher =    {IEEE},
  url =          {http://www.cecs.uci.edu/~papers/ipdps07/pdfs/IPDPS-1569011105-paper-1.pdf},
  urldate = {2010-10-03}
}

@article{chilingaryan10,
  author = 	 {S Chilingaryan and A Beglarian and A Kopmann and S V{\"o}cking},
  title = 	 {Advanced data extraction infrastructure: Web based system for management of time series data},
  journaltitle =    {Journal of Physics: Conference Series},
  journalsubtitle = {17th International Conference on Computing in High Energy and Nuclear Physics (CHEP'09)},
  volume = {219},
  issue = {4},
  year = 	 {2010},
  address = 	 {Prague},
  publisher =    {IOP},
  url =          {http://iopscience.iop.org/1742-6596/219/4/042034},
  urldate = {2010-10-03}
}



%--------- rrd ------------

@online{rrdtool,
  author = 	 {Tobias Oetiker},
  title = 	 {{RRD}tool, Round Robin database},
  year = {2011-1998},
  url =          {http://oss.oetiker.ch/rrdtool/},
  urldate = {2011-10-10},
}
@online{mrtg,
  author = 	 {Tobias Oetiker},
  title = 	 {{The Multi Router Traffic Grapher}},
  url = {http://oss.oetiker.ch/mrtg/},
  urldate = 	 {2010-10-15},
}
@online{vandenbogaerdt,
  author = 	 {Alex van den Bogaerdt},
  title = 	 {{RRD}tool, Tutorials and explanations},
  url = {http://www.vandenbogaerdt.nl/rrdtool/},
  urldate = {2010-12-14},
}


@online{jrobin,
  author = 	 {Sasa Markovic and Arne Vandamme},
  title = 	 {{JRobin}: A Java implementation of RRDtool},
  url =          {http://www.jrobin.org/},
  urldate = {2011-03-22},
}

@online{wiki:tsds,
  author = 	 {Wikipedia},
  title = 	 {{TSDS}, Time series database server --- Wikipedia, The Free Encyclopedia},
  language = {Anglès},
  year = {2011},
  url = {http://en.wikipedia.org/wiki/Time_series_database},
  urldate = {2010-10-12}
}
@online{wiki:temporal_database,
  author = 	 {Wikipedia},
  title = 	 {Temporal database --- Wikipedia, The Free Encyclopedia},
  language = {Anglès},
  year = {2011},
  url = {http://en.wikipedia.org/wiki/Temporal_database},
  urldate = {2010-10-12}
}


@online{wiki:ieee754,
  author = 	 {Wikipedia},
  title = 	 {IEEE Standard for Floating-Point Arithmetic (IEEE 754-2008) --- Wikipedia, The Free Encyclopedia},
  language = {Anglès},
  year = {2011},
  url = {http://en.wikipedia.org/wiki/IEEE_754-2008},
  urldate = {2011-04-20},
}

@Manual{rfc3339,
  author="G. Klyne and C. Newman",
  title="{Date and Time on the Internet: Timestamps}",
  series="Request for Comments",
  number="3339",
  howpublished="RFC 3339 (Proposed Standard)",
  publisher="IETF",
  organization="Internet Engineering Task Force",
  year=2002,
  month=jul,
    url="http://www.ietf.org/rfc/rfc3339.txt",
}


@online{icinga,
  author = 	 {Icinga},
  title = 	 {Icinga - Open Source Monitoring, Nagios fork},
  url = {http://www.icinga.org/},
  urldate = 	 {2010-10-25},
}
@online{nagios,
  author = 	 {Nagios},
  title = 	 {Nagios - The Industry Standard In IT Infrastructure Monitoring},
  url = {http://www.nagios.org/},
  urldate = 	 {2010-10-25},
}


@online{rrdtool_graph,
  author = 	 {Tobias Oetiker},
  title = 	 {{RRD}tool graph, documentaci{\'{o}} de gr{\`{a}}fics},
  url = {http://oss.oetiker.ch/rrdtool/doc/rrdgraph_graph.en.html},
  urldate = {2010-10-15},
}
@online{RPNhp,
  author = 	 {HP},
  title = 	 {{RPN} a les calculadores HP},
  url = {http://www.hpmuseum.org/rpn.htm},
  urldate = {2010-12-02},
}




@Misc{wiki:scada,
  author = 	 {Wikipedia},
  title = 	 {Supervisory Control And Data Acquisition (SCADA)},
  url = {http://en.wikipedia.org/wiki/SCADA},
  urldate = 	 {2009-04-01},
}

@Misc{mysql,
  author = 	 {Sun},
  title = 	 {MySQL base de dades open source},
  url = {http://www.mysql.com/},
  urldate = 	 {2009-04-01},
}


%%------- articles i tesis de SGBD -------

@InProceedings{stonebraker86,
  author = 	 {Michael Stonebraker and Lawrence A. Rowe},
  title = 	 {The design of POSTGRES},
  booktitle = {Proceedings of the 1986 ACM SIGMOD international conference on Management of data (SIGMOD'86)},
  pages = 	 {340-355},
  year = 	 {1986},
  address = 	 {Ney York, USA},
  month = 	 {June},
  publisher = {ACM},
}
%url = {http://portal.acm.org/citation.cfm?id=16894.16888},
%urldate = 	 {2011-06-28},


%%------- articles i tesis de sèries temporals -------



@Thesis{assfalg08:thesis,
  author = {Johannes A{\ss}falg},
  title  = {Advanced Analysis on Temporal Data},
  type   = {PhD. Thesis},
  institution = {Fakult\"at f\"ur Mathematik, Informatik und
                  Statistik der Ludwig Maximilians Universit\"at
                  M\"unchen},
  date = {2008-05-19},
  url = {http://edoc.ub.uni-muenchen.de/8798/},
  urldate = {2011-04-14},
}
@InProceedings{assfalg08:ttime,
  author = 	 {Johannes A{\ss}falg and Hans-Peter Kriegel and Peer Kr{\"o}ger, Peter Kunath and Alexey Pryakhin and Matthias Renz},
  title = 	 {T-Time: Threshold-Based Data Mining on Time Series},
  booktitle = {Proceedings of the 24th International Conference on Data Engineering (ICDE'08)},
  pages = 	 {1620-1623},
  year = 	 {2008},
  address = 	 {Cancun, Mexico},
  month = 	 {April},
  publisher = {IEEE},
}




@article{palmer07,
author = {Carl A. Palmer and Nicholos A. Mackos and Michael J. Roemer},
title = {Approach to Monitor and Assess the Quality of Sensor Data in Support of Calibration and Condition Based Maintenance for Turbine Powered Navy Vessels},
publisher = {ASME},
year = {2007},
journal = {ASME Conference Proceedings},
volume = {2007},
number = {4790X},
pages = {981-989},
url = {http://link.aip.org/link/abstract/ASMECP/v2007/i4790X/p981/s1},
urldate = {2011-10-14},
doi = {10.1115/GT2007-28251}
}


@article{yu11, 
author={Ming Yu and Danwei Wang and Ming Luo and Lei Huang}, 
journal={Systems, Man and Cybernetics, Part A: Systems and Humans, IEEE Transactions on}, 
title={Prognosis of Hybrid Systems With Multiple Incipient Faults: Augmented Global Analytical Redundancy Relations Approach}, 
year={2011}, 
month={may }, 
volume={41}, 
number={3}, 
pages={540 -551}, 
abstract={In this paper, a model-based fault prognosis method is developed for hybrid systems with multiple incipient faults. The concept of augmented global analytical redundancy relations is proposed for the identification of degradation of components, such as sensors and actuators, which cannot be described by physical parameters. In addition, multiple incipient faults are considered in a complex hybrid system, and these faults can develop during a mode when the faults are not detectable. The unknown degradation characteristic of each incipient fault is identified with the closest matching one of some prescribed dynamic models. The resultant degradation model will serve as a base for prognosis. In the process of fault detection and isolation, the degradation models and faults are identified using a multiple-adaptive-hybrid-particle-swarm-optimization algorithm. The proposed methodology and algorithm are verified with simulation as well as experiments.}, 
keywords={augmented global analytical redundancy relations approach;fault detection;fault isolation;hybrid system prognosis;model-based fault prognosis;multiple incipient faults;multiple-adaptive-hybrid-particle-swarm-optimization algorithm;fault diagnosis;large-scale systems;particle swarm optimisation;}, 
doi={10.1109/TSMCA.2010.2076396}, 
ISSN={1083-4427},}




@Article{quevedo10,
  author = 	 {Joseba Quevedo and Vicenç Puig and G. Cembrano and J. Blanch and J. Aguilar and D. Saporta ang G. Benito},
  title = 	 {Validation and reconstruction of flow meter data in the Barcelona water distribution network},
  journal = 	 {Control Engineering Practice},
  year = 	 {2010},
  month =        {June}, 
  number  = 	 {6},
  volume = 	 {18},
  pages = 	 {640-651},
  publisher = {Elsevier},
}

@Article{fu11,
  author = 	 {Tak-chung Fu},
  title = 	 {A review on time series data mining},
  journal = 	 {Engineering Applications of Artificial Intelligence},
  year = 	 {2011},
  month =        {February}, 
  number  = 	 {1},
  volume = 	 {24},
  pages = 	 {164-181},
  publisher = {Elsevier},
  url = {http://www.sciencedirect.com/science/article/pii/S095219761000172},
  urldate = {2011-05-22}
}

@Article{yangwu06,
  author = 	 {Qiang Yang and Xindong Wu},
  title = 	 {10 Challenging Problems in Data Mining Research},
  journal = 	 {International Journal of Information Technology and Decision Making (IJITDM)},
  year = 	 {2006},
  month =        {December}, 
  number  = 	 {4},
  volume = 	 {5},
  pages = 	 {597-604},
  publisher = {World Scientific},
  url = {http://www.cs.uvm.edu/~icdm/10Problems/index.shtml},
  urldate = {2011-05-22}
}

@Article{astrom69,
  author = 	 {K.J. {\AA}str{\"o}m},
  title = 	 {On the choice of sampling rates in parametric identification of time series},
  journal = 	 {Information Sciences},
  year = 	 {1969},
  month =        {July}, 
  issue  = 	 {3},
  volume = 	 {1},
  pages = 	 {273-278},
  publisher = {ElSevier},
  address = {New York, NY, USA},
  issn = {0020-0255},
  doi = {10.1016/S0020-0255(69)80013-7},
  urldate = {2011-06-29},
}


%------- WEIGEL  TSDS -------


@article {weigel10,
   author = {Weigel, Robert and Lindholm, Doug and Wilson, Anne and Faden, Jeremy},
   affiliation = {George Mason University Fairfax USA},
   title = {TSDS: high-performance merge, subset, and filter software for time series-like data},
   journal = {Earth Science Informatics},
   publisher = {Springer Berlin / Heidelberg},
   issn = {1865-0473},
   keyword = {Earth sciences},
   pages = {29-40},
   volume = {3},
   issue = {1},
   doi = {10.1007/s12145-010-0059-y},
   abstract = {Time Series Data Server (TSDS) is a software package for implementing a server that provides fast super-setting, sub-setting, filtering, and uniform gridding of time series-like data. TSDS was developed to respond quickly to requests for long time spans of data. Data may be served from a fast database, typically created by aggregating granules (e.g., data files) from a remote data source and storing them in a local cache that is optimized for serving time series. The system was designed specifically for time series data, and is optimized for requests where the longest dimension of the requested data structure is time. Scalar, vector, and spectrogram time series types are supported. The user can interact with the server by requesting a time series, a date range, and an optional filter to apply to the data. Available filters include strides, block average/minimum/maximum, exclude, and inequality. Constraint expressions are supported, which allow such operations as a request for data from one time series when a different time series satisfied a specified relationship. TSDS builds upon DAP (Data Access Protocol), NcML (netCDF Mark-up language) and related software libraries. In this work, we describe the current design of this server, as well as planned features and potential implementation strategies.},
   year = {2010}
}

@online{tsds,
  author = 	 {Weigel, Robert and Lindholm, Doug and Wilson, Anne and Faden, Jeremy},
  title = 	 {TSDS (Time Series Database Server)},
  year = {2011 -- 2009},
  url = {http://tsds.net/},
  urldate = {2011-11-02},
}

%------- KEOGH  iSAX -------

@online{isax,
  author = 	 {Eammonn Keogh and Jessica Lin},
  title = 	 {iSAX (Symbolic Aggregate approXimation)},
  url = {http://www.cs.ucr.edu/~eamonn/iSAX/iSAX.htm},
  urldate = {2011-03-15},
}

@InProceedings{keogh10:isax,
  author    = {Alessandro Camerra and
               Themis Palpanas and
               Jin Shieh and
               Eamonn J. Keogh},
  title = 	 {iSAX 2.0: Indexing and Mining One Billion Time Series},
  booktitle = {Proceedings of the 10th IEEE International Conference on Data Mining (ICDM'10)},
  pages = 	 {58-67},
  year = 	 {2010},
  address = 	 {Sydney, Australia},
  month = 	 {December},
  publisher = {IEEE},
  url = {http://www.cs.ucr.edu/~eamonn/iSAX_2.0.pdf},
  urldate = {2011-03-15}
}
@InProceedings{keogh08:isax,
  author = 	 {Jin Shieh and Eamonn Keogh},
  title = 	 {iSAX: Indexing and Mining Terabyte Sized Time Series},
  booktitle = {Proceedings of the 14th ACM SIGKDD International Conference on Knowledge Discovery and Data Mining (KDD'08)},
  pages = 	 {623-631},
  year = 	 {2008},
  address = 	 {Las Vegas},
  month = 	 {August},
  publisher = {ACM},
  url = {http://www.cs.ucr.edu/~eamonn/iSAX.pdf},
  urldate = {2011-03-15}
}


@InProceedings{keogh02,
  author = 	 {Eamonn Keogh and Shruti Kasetty},
  title = 	 {On the Need for Time Series Data Mining Benchmarks: A Survey and Empirical Demonstration},
  booktitle = {Proceedings of the 8th ACM SIGKDD International Conference on Knowledge Discovery and Data Mining (KDD'02)},
  pages = 	 {102-111},
  year = 	 {2002},
  address = 	 {Edmonton, Alberta, Canada},
  month = 	 {July},
  publisher = {ACM},
  url = {http://www.cs.ucr.edu/~eamonn/sigkdd_bench.pdf},
  urldate = {2011-03-15}
}

@InProceedings{keogh01,
  author = 	 {Eamonn Keogh and Kaushik Chakrabarti and Michael Pazzani and Sharad Mehrotra},
  title = 	 {Locally adaptive dimensionality reduction for indexing large time series databases},
  booktitle = {Proceedings of ACM SIGMOD International  Conference on Management of Data (SIGMOD'01)},
  pages = 	 {151-162},
  year = 	 {2001},
  address = 	 {Santa Barbara, California, USA},
  month = 	 {May},
  publisher = {ACM},
  url = {http://www.cs.ucr.edu/~eamonn/sigmod_apca_2001.pdf},
  urldate = {2011-03-15}
}



@Article{keogh00,
  author = 	 {Eamonn Keogh and Kaushik Chakrabarti and Michael Pazzani and Sharad Mehrotra},
  title = 	 {Dimensionality Reduction for Fast Similarity Search in Large Time Series Databases},
  journal = 	 {Knowledge and Information Systems (KAIS)},
  year = 	 {2001},
  volume = 	 {3},
  number = 	 {3},
  pages = 	 {263-286},
  month = 	 {August},
  url = {http://www.cs.ucr.edu/~eamonn/kais_2000.pdf},
  urldate = {2011-03-15}
}


@InProceedings{keogh98,
  author = 	 {Eamonn Keogh and Michael Pazzani},
  title = 	 {An enhanced representation of time series which allows fast and accurate classification clustering and relevance feedback},
  booktitle = {Proceedings of the 4th ACM SIGKDD International Conference on Knowledge Discovery and Data Mining (KDD'98)},
  pages = 	 {239-243},
  year = 	 {1998},
  address = 	 {New York},
  month = 	 {August},
  publisher = {ACM},
  url = {http://www.cs.ucr.edu/~eamonn/kdd98.pdf},
  urldate = {2011-03-15}
}
@InProceedings{keogh97,
  author = 	 {Eamonn Keogh and Padhraic Smyth},
  title = 	 {A probabilistic approach to fast pattern matching in time series databases},
  booktitle = {Proceedings of the 3rd ACM SIGKDD International Conference on Knowledge Discovery and Data Mining (KDD'97)},
  pages = 	 {24-20},
  year = 	 {1997},
  address = 	 {NewPort Beach, California},
  month = 	 {August},
  publisher = {ACM},
  url = {http://www.cs.ucr.edu/~eamonn/kdd97.ps},
  urldate = {2011-03-15}
}




%------- general ------


@Misc{cpl,
  author = 	 {CPL},
  title = 	 {C{\`{a}}tedra de Programari Lliure (:P)},
  howpublished = {\url{http://www.cpl.upc.edu/}},
  month = 	 {consultat setembre},
  year = 	 {2009},
}


@Misc{debian,
  author = 	 {Debian},
  title =    {Distribució del sistema operatiu GNU/Linux},
  month =    {consultat setembre},
  year =     2009,
  howpublished =      {http://www.debian.org/}
}

@Misc{gnu,
  title =    {{GNU Project}},
  day =          31,
  month =    {consultat maig},
  year =     2007,
  howpublished =      {http://www.gnu.org}
}

@online{wiki:unixtimestamps,
  author = {Wikipedia},
  title = {Unix time - Wikipedia, the free encyclopedia},
  url =    {http://en.wikipedia.org/wiki/Unix_time},
  urldate =     {2011-01-18},
}



@Misc{idescat,
  title =    {{Institut d'Estadística de Catalunya}},
  day =          31,
  month =    {maig},
  year =     2007,
  howpublished =      {http://www.idescat.net/}
}



@Misc{W3C,
  title =    {{World Wide Web Consortium}},
  day =          31,
  month =    {maig},
  year =     2007,
  howpublished =      {http://www.w3.org/}
}

@online{pythondoc,
  author = {{Python Software Foundation}},
  title =    {Python documentation},
  version = {2.7.1},
  url =    {http://docs.python.org/},
  urldate = {2011-04-06}
}


@Book{termcat-internet,
  author =   {Termcat},
  title =    {Diccionari d'Internet},
  publisher =    {Enciclop{\`{e}}dia Catalana},
  year =     {2001},
  edition =  {1},
  address =      {Barcelona},
  note =     {Diccionaris de l'Enciclop{\`{e}}dia},
}

@Misc{termcat,
  author =   {Termcat},
  title =    {Centre de Terminologia},
  month =    {consultat setembre},
  year =     2009,
  howpublished =      {\url{http://www.termcat.cat}}
}

@Book{diec,
  author = 	 {Institut d'Estudis Catalans},
  title = 	 {Diccionari de la llengua catalana},
  publisher = 	 {Enciclop{\`{e}}dia Catalana i Edicions 62},
  year = 	 {2007},
  address = 	 {Barcelona},
  edition = 	 {2},
  month  =       {abril},
  url = {dlc.iec.cat}
}

















